<record><leader>00000cas a22000007a 4500</leader><controlfield tag="001">29947726</controlfield><controlfield tag="008">940311d19911992mauwr ne      0    0eng d</controlfield><datafield ind1=" " ind2=" " tag="010"><subfield code="a">sn 94055572 </subfield></datafield><datafield ind1=" " ind2=" " tag="040"><subfield code="a">MGN</subfield><subfield code="b">eng</subfield><subfield code="c">MGN</subfield><subfield code="d">OCLCQ</subfield></datafield><datafield ind1=" " ind2=" " tag="042"><subfield code="a">msc</subfield></datafield><datafield ind1="0" ind2=" " tag="130"><subfield code="a">Townsman (Bridgewater, Mass.)</subfield></datafield><datafield ind1="1" ind2="4" tag="245"><subfield code="a">The townsman.</subfield></datafield><datafield ind1="1" ind2="7" tag="246"><subfield code="a">Bridgewater townsman</subfield></datafield><datafield ind1=" " ind2=" " tag="260"><subfield code="a">Bridgewater, Mass. :</subfield><subfield code="b">Mariner Newspapers</subfield></datafield><datafield ind1=" " ind2=" " tag="300"><subfield code="a">v.</subfield></datafield><datafield ind1=" " ind2=" " tag="310"><subfield code="a">Weekly</subfield></datafield><datafield ind1="0" ind2=" " tag="362"><subfield code="a">Vol. 8, no. 33 (Sept. 12, 1991)-v. 9, no. 35 (Oct. 6, 1992).</subfield></datafield><datafield ind1=" " ind2=" " tag="500"><subfield code="a">"Serving Bridgewater, East Bridgewater, and West Bridgewater."</subfield></datafield><datafield ind1=" " ind2=" " tag="752"><subfield code="a">United States</subfield><subfield code="b">Massachusetts</subfield><subfield code="c">Plymouth</subfield><subfield code="d">Bridgewater.</subfield></datafield><datafield ind1=" " ind2=" " tag="752"><subfield code="a">United States</subfield><subfield code="b">Massachusetts</subfield><subfield code="c">Plymouth</subfield><subfield code="d">East Bridgewater.</subfield></datafield><datafield ind1=" " ind2=" " tag="752"><subfield code="a">United States</subfield><subfield code="b">Massachusetts</subfield><subfield code="c">Plymouth</subfield><subfield code="d">West Bridgewater.</subfield></datafield><datafield ind1="0" ind2="0" tag="780"><subfield code="t">Bridgewater townsman (Bridgewater, Mass. : 1984)</subfield><subfield code="w">(DLC)sn 94055571</subfield></datafield><datafield ind1="0" ind2="0" tag="785"><subfield code="t">Bridgewater townsman (Bridgewater, Mass. : 1992)</subfield><subfield code="w">(DLC)sn 94055573</subfield></datafield></record>